@online{compiler,
  language = "english",
  title    = "What is a compiler? [Электронный ресурс]",
  note     = "Режим доступа URL: \url{https://www.techtarget.com/whatis/definition/compiler} (Дата обращения: 16.04.2024)"
}


@online{machine-code,
  language = "english",
  title    = "What is machine code (machine language)? [Электронный ресурс]",
  note     = "Режим доступа URL: \url{https://www.techtarget.com/whatis/definition/machine-code-machine-language} (Дата обращения: 16.04.2024)"
}


@online{lex-analyzer,
  language = "english",
  title    = "Introduction of Lexical Analysis [Электронный ресурс]",
  note     = "Режим доступа URL: \url{https://www.geeksforgeeks.org/introduction-of-lexical-analysis/} (Дата обращения: 16.04.2024)"
}


@online{syntax-analyzer,
  language = "english",
  title    = "Introduction to Syntax Analysis in Compiler Design [Электронный ресурс]",
  note     = "Режим доступа URL: \url{https://www.geeksforgeeks.org/introduction-to-syntax-analysis-in-compiler-design/} (Дата обращения: 16.04.2024)"
}


@online{semantic-analyzer,
  language = "english",
  title    = "Semantic Analysis in Compiler Design [Электронный ресурс]",
  note     = "Режим доступа URL: \url{https://www.geeksforgeeks.org/semantic-analysis-in-compiler-design/} (Дата обращения: 16.04.2024)"
}


@online{code-generation,
  language = "english",
  title    = "Compiler Design - Code Generation [Электронный ресурс]",
  note     = "Режим доступа URL: \url{https://www.tutorialspoint.com/compiler_design/compiler_design_code_generation.htm} (Дата обращения: 16.04.2024)"
}


@online{antlr4,
  language = "english",
  title    = "What is ANTLR? [Электронный ресурс]",
  note     = "Режим доступа URL: \url{https://www.antlr.org} (Дата обращения: 16.04.2024)"
}


@online{llvm-ir,
  language = "english",
  title    = "LLVM(IR) [Электронный ресурс]",
  note     = "Режим доступа URL: \url{https://llvm.org/docs/LangRef.html} (Дата обращения: 16.04.2024)"
}
